@book{Goodfellow:2016:DL:3086952,
 author = {Goodfellow, Ian and Bengio, Yoshua and Courville, Aaron},
 title = {Deep Learning},
 year = {2016},
 isbn = {0262035618, 9780262035613},
 publisher = {The MIT Press},
} 
@incollection{NIPS2012_4824,
title = {ImageNet Classification with Deep Convolutional Neural Networks},
author = {Alex Krizhevsky and Sutskever, Ilya and Hinton, Geoffrey E},
booktitle = {Advances in Neural Information Processing Systems 25},
editor = {F. Pereira and C. J. C. Burges and L. Bottou and K. Q. Weinberger},
pages = {1097--1105},
year = {2012},
publisher = {Curran Associates, Inc.},
url = {http://papers.nips.cc/paper/4824-imagenet-classification-with-deep-convolutional-neural-networks.pdf}
}



@ARTICLE{726791, 
author={Y. {Lecun} and L. {Bottou} and Y. {Bengio} and P. {Haffner}}, 
journal={Proceedings of the IEEE}, 
title={Gradient-based learning applied to document recognition}, 
year={1998}, 
volume={86}, 
number={11}, 
pages={2278-2324}, 
keywords={optical character recognition;multilayer perceptrons;backpropagation;convolution;gradient-based learning;document recognition;multilayer neural networks;back-propagation;gradient based learning technique;complex decision surface synthesis;high-dimensional patterns;handwritten character recognition;handwritten digit recognition task;2D shape variability;document recognition systems;field extraction;segmentation recognition;language modeling;graph transformer networks;GTN;multimodule systems;performance measure minimization;cheque reading;convolutional neural network character recognizers;Neural networks;Pattern recognition;Machine learning;Optical character recognition software;Character recognition;Feature extraction;Multi-layer neural network;Optical computing;Hidden Markov models;Principal component analysis}, 
doi={10.1109/5.726791}, 
ISSN={0018-9219}, 
month={Nov},}




@article{DBLP:journals/corr/abs-1806-05594,
  author    = {Ben Athiwaratkun and
               Marc Finzi and
               Pavel Izmailov and
               Andrew Gordon Wilson},
  title     = {Improving Consistency-Based Semi-Supervised Learning with Weight Averaging},
  journal   = {CoRR},
  volume    = {abs/1806.05594},
  year      = {2018},
  url       = {http://arxiv.org/abs/1806.05594},
  archivePrefix = {arXiv},
  eprint    = {1806.05594},
  timestamp = {Mon, 13 Aug 2018 16:46:09 +0200},
  biburl    = {https://dblp.org/rec/bib/journals/corr/abs-1806-05594},
  bibsource = {dblp computer science bibliography, https://dblp.org}
}


@article{article,
author = {Rawat, Waseem and Wang, Zenghui},
year = {2017},
month = {06},
pages = {1-98},
title = {Deep Convolutional Neural Networks for Image Classification: A Comprehensive Review},
volume = {29},
journal = {Neural Computation},
doi = {10.1162/NECO_a_00990}
}

@article{Gardner_1998,
	doi = {10.1016/s1352-2310(97)00447-0},
	url = {https://doi.org/10.1016%2Fs1352-2310%2897%2900447-0},
	year = 1998,
	month = {aug},
	publisher = {Elsevier {BV}},
	volume = {32},
	number = {14-15},
	pages = {2627--2636},
	author = {M.W Gardner and S.R Dorling},
	title = {Artificial neural networks (the multilayer perceptron){\textemdash}a review of applications in the atmospheric sciences},
	journal = {Atmospheric Environment}
}

@article{DBLP:journals/corr/GuWKMSSLWW15,
  author    = {Jiuxiang Gu and
               Zhenhua Wang and
               Jason Kuen and
               Lianyang Ma and
               Amir Shahroudy and
               Bing Shuai and
               Ting Liu and
               Xingxing Wang and
               Gang Wang},
  title     = {Recent Advances in Convolutional Neural Networks},
  journal   = {CoRR},
  volume    = {abs/1512.07108},
  year      = {2015},
  url       = {http://arxiv.org/abs/1512.07108},
  archivePrefix = {arXiv},
  eprint    = {1512.07108},
  timestamp = {Mon, 13 Aug 2018 16:49:11 +0200},
  biburl    = {https://dblp.org/rec/bib/journals/corr/GuWKMSSLWW15},
  bibsource = {dblp computer science bibliography, https://dblp.org}
}

@article{Krizhevsky:2017:ICD:3098997.3065386,
 author = {Krizhevsky, Alex and Sutskever, Ilya and Hinton, Geoffrey E.},
 title = {ImageNet Classification with Deep Convolutional Neural Networks},
 journal = {Commun. ACM},
 issue_date = {June 2017},
 volume = {60},
 number = {6},
 month = may,
 year = {2017},
 issn = {0001-0782},
 pages = {84--90},
 numpages = {7},
 url = {http://doi.acm.org/10.1145/3065386},
 doi = {10.1145/3065386},
 acmid = {3065386},
 publisher = {ACM},
 address = {New York, NY, USA},
} 

@article{vgg,
author = {Simonyan, Karen and Zisserman, Andrew},
year = {2014},
month = {09},
pages = {},
title = {Very Deep Convolutional Networks for Large-Scale Image Recognition},
journal = {arXiv 1409.1556}
}

@article{DBLP:journals/corr/SzegedyLJSRAEVR14,
  author    = {Christian Szegedy and
               Wei Liu and
               Yangqing Jia and
               Pierre Sermanet and
               Scott E. Reed and
               Dragomir Anguelov and
               Dumitru Erhan and
               Vincent Vanhoucke and
               Andrew Rabinovich},
  title     = {Going Deeper with Convolutions},
  journal   = {CoRR},
  volume    = {abs/1409.4842},
  year      = {2014},
  url       = {http://arxiv.org/abs/1409.4842},
  archivePrefix = {arXiv},
  eprint    = {1409.4842},
  timestamp = {Mon, 13 Aug 2018 16:48:52 +0200},
  biburl    = {https://dblp.org/rec/bib/journals/corr/SzegedyLJSRAEVR14},
  bibsource = {dblp computer science bibliography, https://dblp.org}
}


@article{DBLP:journals/corr/HeZRS15,
  author    = {Kaiming He and
               Xiangyu Zhang and
               Shaoqing Ren and
               Jian Sun},
  title     = {Deep Residual Learning for Image Recognition},
  journal   = {CoRR},
  volume    = {abs/1512.03385},
  year      = {2015},
  url       = {http://arxiv.org/abs/1512.03385},
  archivePrefix = {arXiv},
  eprint    = {1512.03385},
  timestamp = {Wed, 17 Apr 2019 17:23:45 +0200},
  biburl    = {https://dblp.org/rec/bib/journals/corr/HeZRS15},
  bibsource = {dblp computer science bibliography, https://dblp.org}
}


@article{DBLP:journals/corr/CilibertoRR16,
  author    = {Carlo Ciliberto and
               Alessandro Rudi and
               Lorenzo Rosasco},
  title     = {A Consistent Regularization Approach for Structured Prediction},
  journal   = {CoRR},
  volume    = {abs/1605.07588},
  year      = {2016},
  url       = {http://arxiv.org/abs/1605.07588},
  archivePrefix = {arXiv},
  eprint    = {1605.07588},
  timestamp = {Mon, 13 Aug 2018 16:48:04 +0200},
  biburl    = {https://dblp.org/rec/bib/journals/corr/CilibertoRR16},
  bibsource = {dblp computer science bibliography, https://dblp.org}
}







@incollection{NIPS2014_5487,
title = {Learning with Pseudo-Ensembles},
author = {Bachman, Philip and Alsharif, Ouais and Precup, Doina},
booktitle = {Advances in Neural Information Processing Systems 27},
editor = {Z. Ghahramani and M. Welling and C. Cortes and N. D. Lawrence and K. Q. Weinberger},
pages = {3365--3373},
year = {2014},
publisher = {Curran Associates, Inc.},
url = {http://papers.nips.cc/paper/5487-learning-with-pseudo-ensembles.pdf}
}


@article{DBLP:journals/corr/LaineA16,
  author    = {Samuli Laine and
               Timo Aila},
  title     = {Temporal Ensembling for Semi-Supervised Learning},
  journal   = {CoRR},
  volume    = {abs/1610.02242},
  year      = {2016},
  url       = {http://arxiv.org/abs/1610.02242},
  archivePrefix = {arXiv},
  eprint    = {1610.02242},
  timestamp = {Mon, 13 Aug 2018 16:46:11 +0200},
  biburl    = {https://dblp.org/rec/bib/journals/corr/LaineA16},
  bibsource = {dblp computer science bibliography, https://dblp.org}
}

@ARTICLE{8417973, 
author={T. {Miyato} and S. {Maeda} and M. {Koyama} and S. {Ishii}}, 
journal={IEEE Transactions on Pattern Analysis and Machine Intelligence}, 
title={Virtual Adversarial Training: A Regularization Method for Supervised and Semi-Supervised Learning}, 
year={2019}, 
volume={41}, 
number={8}, 
pages={1979-1993}, 
keywords={Training;Perturbation methods;Artificial neural networks;Semisupervised learning;Data models;Computational modeling;Robustness;Semi-supervised learning;supervised learning;robustness;adversarial training;adversarial examples;deep learning}, 
doi={10.1109/TPAMI.2018.2858821}, 
ISSN={0162-8828}, 
month={Aug},}

@article{DBLP:journals/corr/abs-1809-08370,
  author    = {Kevin Clark and
               Minh{-}Thang Luong and
               Christopher D. Manning and
               Quoc V. Le},
  title     = {Semi-Supervised Sequence Modeling with Cross-View Training},
  journal   = {CoRR},
  volume    = {abs/1809.08370},
  year      = {2018},
  url       = {http://arxiv.org/abs/1809.08370},
  archivePrefix = {arXiv},
  eprint    = {1809.08370},
  timestamp = {Fri, 05 Oct 2018 11:34:52 +0200},
  biburl    = {https://dblp.org/rec/bib/journals/corr/abs-1809-08370},
  bibsource = {dblp computer science bibliography, https://dblp.org}
}

@article{DBLP:journals/corr/TarvainenV17,
  author    = {Antti Tarvainen and
               Harri Valpola},
  title     = {Weight-averaged consistency targets improve semi-supervised deep learning
               results},
  journal   = {CoRR},
  volume    = {abs/1703.01780},
  year      = {2017},
  url       = {http://arxiv.org/abs/1703.01780},
  archivePrefix = {arXiv},
  eprint    = {1703.01780},
  timestamp = {Mon, 13 Aug 2018 16:49:09 +0200},
  biburl    = {https://dblp.org/rec/bib/journals/corr/TarvainenV17},
  bibsource = {dblp computer science bibliography, https://dblp.org}
}




@article{DBLP:journals/corr/abs-1904-12848,
  author    = {Qizhe Xie and
               Zihang Dai and
               Eduard H. Hovy and
               Minh{-}Thang Luong and
               Quoc V. Le},
  title     = {Unsupervised Data Augmentation},
  journal   = {CoRR},
  volume    = {abs/1904.12848},
  year      = {2019},
  url       = {http://arxiv.org/abs/1904.12848},
  archivePrefix = {arXiv},
  eprint    = {1904.12848},
  timestamp = {Thu, 02 May 2019 15:13:44 +0200},
  biburl    = {https://dblp.org/rec/bib/journals/corr/abs-1904-12848},
  bibsource = {dblp computer science bibliography, https://dblp.org}
}


@article{DBLP:journals/corr/abs-1805-09501,
  author    = {Ekin Dogus Cubuk and
               Barret Zoph and
               Dandelion Man{\'{e}} and
               Vijay Vasudevan and
               Quoc V. Le},
  title     = {AutoAugment: Learning Augmentation Policies from Data},
  journal   = {CoRR},
  volume    = {abs/1805.09501},
  year      = {2018},
  url       = {http://arxiv.org/abs/1805.09501},
  archivePrefix = {arXiv},
  eprint    = {1805.09501},
  timestamp = {Mon, 13 Aug 2018 16:48:44 +0200},
  biburl    = {https://dblp.org/rec/bib/journals/corr/abs-1805-09501},
  bibsource = {dblp computer science bibliography, https://dblp.org}
}















